[gd_resource type="SpriteFrames" load_steps=49 format=3 uid="uid://crf5cv7q3gfqm"]

[ext_resource type="Texture2D" uid="uid://bpxv74161sa6s" path="res://GameResources/Hero Knight/Sprites/HeroKnight/Fall/HeroKnight_Fall_0.png" id="1_3j1f2"]
[ext_resource type="Texture2D" uid="uid://dywn7k0wnj8jr" path="res://GameResources/Hero Knight/Sprites/HeroKnight/Attack1/HeroKnight_Attack1_0.png" id="1_pajco"]
[ext_resource type="Texture2D" uid="uid://5s183cqyx1lj" path="res://GameResources/Hero Knight/Sprites/HeroKnight/Attack1/HeroKnight_Attack1_1.png" id="2_7dd7y"]
[ext_resource type="Texture2D" uid="uid://dg2vg7c8kumrt" path="res://GameResources/Hero Knight/Sprites/HeroKnight/Fall/HeroKnight_Fall_1.png" id="2_8vkt8"]
[ext_resource type="Texture2D" uid="uid://xcbn0demlsc5" path="res://GameResources/Hero Knight/Sprites/HeroKnight/Attack1/HeroKnight_Attack1_2.png" id="3_6n6c3"]
[ext_resource type="Texture2D" uid="uid://nnjc74rajpcd" path="res://GameResources/Hero Knight/Sprites/HeroKnight/Fall/HeroKnight_Fall_2.png" id="3_qbwty"]
[ext_resource type="Texture2D" uid="uid://0iidswm6l624" path="res://GameResources/Hero Knight/Sprites/HeroKnight/Attack1/HeroKnight_Attack1_3.png" id="4_36spc"]
[ext_resource type="Texture2D" uid="uid://dv1m64tewgikq" path="res://GameResources/Hero Knight/Sprites/HeroKnight/Fall/HeroKnight_Fall_3.png" id="4_c2tn0"]
[ext_resource type="Texture2D" uid="uid://dfokyhtein4ov" path="res://GameResources/Hero Knight/Sprites/HeroKnight/Attack1/HeroKnight_Attack1_4.png" id="5_k1gsq"]
[ext_resource type="Texture2D" uid="uid://b4vko0qagouf3" path="res://GameResources/Hero Knight/Sprites/HeroKnight/Idle/HeroKnight_Idle_0.png" id="5_lnqff"]
[ext_resource type="Texture2D" uid="uid://cixdxfx0bpsfv" path="res://GameResources/Hero Knight/Sprites/HeroKnight/Attack1/HeroKnight_Attack1_5.png" id="6_ko0yi"]
[ext_resource type="Texture2D" uid="uid://ccgsbv3i3nl3e" path="res://GameResources/Hero Knight/Sprites/HeroKnight/Idle/HeroKnight_Idle_1.png" id="6_kv4yp"]
[ext_resource type="Texture2D" uid="uid://cs0ulhug6luqw" path="res://GameResources/Hero Knight/Sprites/HeroKnight/Attack2/HeroKnight_Attack2_0.png" id="7_h5bui"]
[ext_resource type="Texture2D" uid="uid://duc06awuru8xy" path="res://GameResources/Hero Knight/Sprites/HeroKnight/Idle/HeroKnight_Idle_2.png" id="7_xtiw0"]
[ext_resource type="Texture2D" uid="uid://dumkw5xe4voa4" path="res://GameResources/Hero Knight/Sprites/HeroKnight/Idle/HeroKnight_Idle_3.png" id="8_72xf4"]
[ext_resource type="Texture2D" uid="uid://blmmqojb5baja" path="res://GameResources/Hero Knight/Sprites/HeroKnight/Attack2/HeroKnight_Attack2_1.png" id="8_co224"]
[ext_resource type="Texture2D" uid="uid://bfdwcd148ofd7" path="res://GameResources/Hero Knight/Sprites/HeroKnight/Attack2/HeroKnight_Attack2_2.png" id="9_l5w0p"]
[ext_resource type="Texture2D" uid="uid://738l8rjxl8lo" path="res://GameResources/Hero Knight/Sprites/HeroKnight/Idle/HeroKnight_Idle_4.png" id="9_vte2v"]
[ext_resource type="Texture2D" uid="uid://dkjbcdin7slj8" path="res://GameResources/Hero Knight/Sprites/HeroKnight/Attack2/HeroKnight_Attack2_3.png" id="10_cor7n"]
[ext_resource type="Texture2D" uid="uid://bw85kb25snaxy" path="res://GameResources/Hero Knight/Sprites/HeroKnight/Idle/HeroKnight_Idle_5.png" id="10_u22rn"]
[ext_resource type="Texture2D" uid="uid://bpc5u7vjs83hu" path="res://GameResources/Hero Knight/Sprites/HeroKnight/Idle/HeroKnight_Idle_6.png" id="11_pg7x8"]
[ext_resource type="Texture2D" uid="uid://diho3euh533hm" path="res://GameResources/Hero Knight/Sprites/HeroKnight/Attack2/HeroKnight_Attack2_4.png" id="11_ypold"]
[ext_resource type="Texture2D" uid="uid://dymuc7udil0us" path="res://GameResources/Hero Knight/Sprites/HeroKnight/Attack2/HeroKnight_Attack2_5.png" id="12_nqdo0"]
[ext_resource type="Texture2D" uid="uid://5xpw0lvhybgw" path="res://GameResources/Hero Knight/Sprites/HeroKnight/Idle/HeroKnight_Idle_7.png" id="12_p052d"]
[ext_resource type="Texture2D" uid="uid://bqbf3ybyll14i" path="res://GameResources/Hero Knight/Sprites/HeroKnight/Attack3/HeroKnight_Attack3_0.png" id="13_15rsm"]
[ext_resource type="Texture2D" uid="uid://thden8lhelj2" path="res://GameResources/Hero Knight/Sprites/HeroKnight/Jump/HeroKnight_Jump_0.png" id="13_18oue"]
[ext_resource type="Texture2D" uid="uid://bxi5yit7l6rmv" path="res://GameResources/Hero Knight/Sprites/HeroKnight/Jump/HeroKnight_Jump_1.png" id="14_efsus"]
[ext_resource type="Texture2D" uid="uid://dckbubvvdrnsc" path="res://GameResources/Hero Knight/Sprites/HeroKnight/Attack3/HeroKnight_Attack3_1.png" id="14_el75r"]
[ext_resource type="Texture2D" uid="uid://2rxpirh1m8gt" path="res://GameResources/Hero Knight/Sprites/HeroKnight/Attack3/HeroKnight_Attack3_2.png" id="15_4x72u"]
[ext_resource type="Texture2D" uid="uid://7yocfak4xh6n" path="res://GameResources/Hero Knight/Sprites/HeroKnight/Jump/HeroKnight_Jump_2.png" id="15_a8xbf"]
[ext_resource type="Texture2D" uid="uid://caxme08eob7ho" path="res://GameResources/Hero Knight/Sprites/HeroKnight/Attack3/HeroKnight_Attack3_3.png" id="16_4w54r"]
[ext_resource type="Texture2D" uid="uid://dag18i1a24il" path="res://GameResources/Hero Knight/Sprites/HeroKnight/Run/HeroKnight_Run_0.png" id="16_mi7ij"]
[ext_resource type="Texture2D" uid="uid://78i877x0csxn" path="res://GameResources/Hero Knight/Sprites/HeroKnight/Attack3/HeroKnight_Attack3_4.png" id="17_r74ux"]
[ext_resource type="Texture2D" uid="uid://boquwqlt6gic2" path="res://GameResources/Hero Knight/Sprites/HeroKnight/Run/HeroKnight_Run_1.png" id="17_ur8yf"]
[ext_resource type="Texture2D" uid="uid://cig2ftieqmhsv" path="res://GameResources/Hero Knight/Sprites/HeroKnight/Attack3/HeroKnight_Attack3_5.png" id="18_euefv"]
[ext_resource type="Texture2D" uid="uid://7udxelqcxs0u" path="res://GameResources/Hero Knight/Sprites/HeroKnight/Run/HeroKnight_Run_2.png" id="18_ik4nb"]
[ext_resource type="Texture2D" uid="uid://ckddexssdaxcw" path="res://GameResources/Hero Knight/Sprites/HeroKnight/Attack3/HeroKnight_Attack3_6.png" id="19_2vo2u"]
[ext_resource type="Texture2D" uid="uid://cbas3xflaimud" path="res://GameResources/Hero Knight/Sprites/HeroKnight/Run/HeroKnight_Run_3.png" id="19_lb2oj"]
[ext_resource type="Texture2D" uid="uid://b2rg4a4toyfbh" path="res://GameResources/Hero Knight/Sprites/HeroKnight/Run/HeroKnight_Run_4.png" id="20_6jlg8"]
[ext_resource type="Texture2D" uid="uid://bxddny6kvtrlj" path="res://GameResources/Hero Knight/Sprites/HeroKnight/Attack3/HeroKnight_Attack3_7.png" id="20_tstsd"]
[ext_resource type="Texture2D" uid="uid://rug63n8se26t" path="res://GameResources/Hero Knight/Sprites/HeroKnight/Run/HeroKnight_Run_5.png" id="21_fcqky"]
[ext_resource type="Texture2D" uid="uid://dai31b2wdkdmu" path="res://GameResources/Hero Knight/Sprites/HeroKnight/Run/HeroKnight_Run_6.png" id="22_nh8xl"]
[ext_resource type="Texture2D" uid="uid://ylq3yxf7lfv6" path="res://GameResources/Hero Knight/Sprites/HeroKnight/Run/HeroKnight_Run_7.png" id="23_ik06l"]
[ext_resource type="Texture2D" uid="uid://b7yh2m236d868" path="res://GameResources/Hero Knight/Sprites/HeroKnight/Run/HeroKnight_Run_8.png" id="24_g6t0b"]
[ext_resource type="Texture2D" uid="uid://c27ykxuinyujj" path="res://GameResources/Hero Knight/Sprites/HeroKnight/Hurt/HeroKnight_Hurt_0.png" id="25_hlyts"]
[ext_resource type="Texture2D" uid="uid://dwkuehfeeahwb" path="res://GameResources/Hero Knight/Sprites/HeroKnight/Run/HeroKnight_Run_9.png" id="25_i0n3e"]
[ext_resource type="Texture2D" uid="uid://b1ll0vkko34u5" path="res://GameResources/Hero Knight/Sprites/HeroKnight/Hurt/HeroKnight_Hurt_1.png" id="26_54ha6"]
[ext_resource type="Texture2D" uid="uid://m0ps6rpa7qwa" path="res://GameResources/Hero Knight/Sprites/HeroKnight/Hurt/HeroKnight_Hurt_2.png" id="27_pcdyb"]

[resource]
animations = [{
"frames": [{
"duration": 1.0,
"texture": ExtResource("1_pajco")
}, {
"duration": 1.0,
"texture": ExtResource("2_7dd7y")
}, {
"duration": 1.0,
"texture": ExtResource("3_6n6c3")
}, {
"duration": 1.0,
"texture": ExtResource("4_36spc")
}, {
"duration": 1.0,
"texture": ExtResource("5_k1gsq")
}, {
"duration": 1.0,
"texture": ExtResource("6_ko0yi")
}],
"loop": false,
"name": &"ATTACK1",
"speed": 17.0
}, {
"frames": [{
"duration": 1.0,
"texture": ExtResource("7_h5bui")
}, {
"duration": 1.0,
"texture": ExtResource("8_co224")
}, {
"duration": 1.0,
"texture": ExtResource("9_l5w0p")
}, {
"duration": 1.0,
"texture": ExtResource("10_cor7n")
}, {
"duration": 1.0,
"texture": ExtResource("11_ypold")
}, {
"duration": 1.0,
"texture": ExtResource("12_nqdo0")
}],
"loop": false,
"name": &"ATTACK2",
"speed": 17.0
}, {
"frames": [{
"duration": 1.0,
"texture": ExtResource("13_15rsm")
}, {
"duration": 1.0,
"texture": ExtResource("14_el75r")
}, {
"duration": 1.0,
"texture": ExtResource("15_4x72u")
}, {
"duration": 1.0,
"texture": ExtResource("16_4w54r")
}, {
"duration": 1.0,
"texture": ExtResource("17_r74ux")
}, {
"duration": 1.0,
"texture": ExtResource("18_euefv")
}, {
"duration": 1.0,
"texture": ExtResource("19_2vo2u")
}, {
"duration": 1.0,
"texture": ExtResource("20_tstsd")
}],
"loop": false,
"name": &"ATTACK3",
"speed": 17.0
}, {
"frames": [{
"duration": 1.2,
"texture": ExtResource("1_3j1f2")
}, {
"duration": 1.2,
"texture": ExtResource("2_8vkt8")
}, {
"duration": 1.2,
"texture": ExtResource("3_qbwty")
}, {
"duration": 1.2,
"texture": ExtResource("4_c2tn0")
}],
"loop": true,
"name": &"FALL",
"speed": 5.0
}, {
"frames": [{
"duration": 1.0,
"texture": ExtResource("25_hlyts")
}, {
"duration": 1.0,
"texture": ExtResource("26_54ha6")
}, {
"duration": 1.0,
"texture": ExtResource("27_pcdyb")
}],
"loop": false,
"name": &"HIT",
"speed": 17.0
}, {
"frames": [{
"duration": 1.0,
"texture": ExtResource("5_lnqff")
}, {
"duration": 1.0,
"texture": ExtResource("6_kv4yp")
}, {
"duration": 1.0,
"texture": ExtResource("7_xtiw0")
}, {
"duration": 1.0,
"texture": ExtResource("8_72xf4")
}, {
"duration": 1.0,
"texture": ExtResource("9_vte2v")
}, {
"duration": 1.0,
"texture": ExtResource("10_u22rn")
}, {
"duration": 1.0,
"texture": ExtResource("11_pg7x8")
}, {
"duration": 1.0,
"texture": ExtResource("12_p052d")
}],
"loop": true,
"name": &"IDDLE",
"speed": 12.0
}, {
"frames": [{
"duration": 1.2,
"texture": ExtResource("13_18oue")
}, {
"duration": 1.2,
"texture": ExtResource("14_efsus")
}, {
"duration": 1.2,
"texture": ExtResource("15_a8xbf")
}],
"loop": false,
"name": &"JUMP",
"speed": 2.0
}, {
"frames": [{
"duration": 1.0,
"texture": ExtResource("16_mi7ij")
}, {
"duration": 1.0,
"texture": ExtResource("17_ur8yf")
}, {
"duration": 1.0,
"texture": ExtResource("18_ik4nb")
}, {
"duration": 1.0,
"texture": ExtResource("19_lb2oj")
}, {
"duration": 1.0,
"texture": ExtResource("20_6jlg8")
}, {
"duration": 1.0,
"texture": ExtResource("21_fcqky")
}, {
"duration": 1.0,
"texture": ExtResource("22_nh8xl")
}, {
"duration": 1.0,
"texture": ExtResource("23_ik06l")
}, {
"duration": 1.0,
"texture": ExtResource("24_g6t0b")
}, {
"duration": 1.0,
"texture": ExtResource("25_i0n3e")
}],
"loop": true,
"name": &"RUN",
"speed": 12.0
}]
