[gd_scene load_steps=17 format=3 uid="uid://oc71i1bnoenk"]

[ext_resource type="Script" path="res://Scripts/Others/Checkpoint.gd" id="1_220ea"]
[ext_resource type="Texture2D" uid="uid://jbcnvvh3pe4u" path="res://GameResources/Campfire/Middle_Fire1.png" id="1_gdy61"]
[ext_resource type="Texture2D" uid="uid://drfcgkpqvddex" path="res://GameResources/Campfire/Middle_Fire2.png" id="2_535ed"]
[ext_resource type="Texture2D" uid="uid://dat3qe1td7cp2" path="res://GameResources/Campfire/Middle_Fire3.png" id="3_335u6"]
[ext_resource type="Texture2D" uid="uid://bb48n5ptlg57j" path="res://GameResources/Campfire/Middle_Fire4.png" id="4_nfx47"]
[ext_resource type="Texture2D" uid="uid://la33rwq0jtfe" path="res://GameResources/Campfire/Middle_Fire5.png" id="5_vvawm"]
[ext_resource type="Texture2D" uid="uid://dj38tsqpufqwx" path="res://GameResources/Campfire/Middle_Fire6.png" id="6_dy38i"]
[ext_resource type="Texture2D" uid="uid://dagxjsb6oxcwr" path="res://GameResources/Campfire/Middle_Fire7.png" id="7_s0um2"]
[ext_resource type="Texture2D" uid="uid://d3nkn0j4hibid" path="res://GameResources/Campfire/Middle_Fire8.png" id="8_fxgn2"]
[ext_resource type="Texture2D" uid="uid://ntvh2qagkfvk" path="res://GameResources/Campfire/Middle_Fire9.png" id="9_dxkiw"]
[ext_resource type="Texture2D" uid="uid://5bauowp6f38q" path="res://GameResources/Campfire/Middle_Fire10.png" id="10_j7ueq"]
[ext_resource type="Texture2D" uid="uid://c0ia1q1e6pnnd" path="res://GameResources/Campfire/Middle_Fire11.png" id="11_wt3ov"]
[ext_resource type="Texture2D" uid="uid://d2ttfsa6q16ps" path="res://GameResources/Campfire/Middle_Fire12.png" id="12_4e7hi"]

[sub_resource type="SpriteFrames" id="SpriteFrames_52j0k"]
animations = [{
"frames": [{
"duration": 1.0,
"texture": ExtResource("1_gdy61")
}, {
"duration": 1.0,
"texture": ExtResource("2_535ed")
}, {
"duration": 1.0,
"texture": ExtResource("3_335u6")
}, {
"duration": 1.0,
"texture": ExtResource("4_nfx47")
}, {
"duration": 1.0,
"texture": ExtResource("5_vvawm")
}, {
"duration": 1.0,
"texture": ExtResource("6_dy38i")
}, {
"duration": 1.0,
"texture": ExtResource("7_s0um2")
}, {
"duration": 1.0,
"texture": ExtResource("8_fxgn2")
}, {
"duration": 1.0,
"texture": ExtResource("9_dxkiw")
}, {
"duration": 1.0,
"texture": ExtResource("10_j7ueq")
}, {
"duration": 1.0,
"texture": ExtResource("11_wt3ov")
}, {
"duration": 1.0,
"texture": ExtResource("12_4e7hi")
}],
"loop": true,
"name": &"default",
"speed": 15.0
}]

[sub_resource type="RectangleShape2D" id="RectangleShape2D_mwbkn"]

[sub_resource type="CircleShape2D" id="CircleShape2D_mcu42"]

[node name="Campfire" type="CharacterBody2D" groups=["Checkpoint"]]
scale = Vector2(0.24, 0.24)
collision_layer = 8
collision_mask = 8
script = ExtResource("1_220ea")

[node name="AnimatedSprite2D" type="AnimatedSprite2D" parent="."]
scale = Vector2(0.68, 0.68)
sprite_frames = SubResource("SpriteFrames_52j0k")

[node name="CollisionShape2D" type="CollisionShape2D" parent="."]
scale = Vector2(5.095, 5.095)
shape = SubResource("RectangleShape2D_mwbkn")

[node name="Area2D" type="Area2D" parent="."]
scale = Vector2(0.68, 0.68)

[node name="CollisionShape2D" type="CollisionShape2D" parent="Area2D"]
scale = Vector2(18.41, 18.41)
shape = SubResource("CircleShape2D_mcu42")
debug_color = Color(0, 0.709804, 0.372549, 0.172549)

[node name="RichTextLabel" type="RichTextLabel" parent="."]
visible = false
offset_right = 40.0
offset_bottom = 40.0
text = "Press 'E' to save game"
fit_content = true
autowrap_mode = 0

[connection signal="body_shape_entered" from="Area2D" to="." method="onTriggerEnter"]
[connection signal="body_shape_exited" from="Area2D" to="." method="onTriggerExit"]
